@ONLINE{PhantomX AX Hexapod Kit,
author = "TrossenRobotics",
title = "phantomx-ax-hexapod-mk1",
url = "http://www.trossenrobotics.com/phantomx-ax-hexapod-mk1.aspx"
}

@manual{beroepsopdrachten,
    organization  = "Hogeschool van Amsterdam",
    title         = "Beroepsopdrachten Minor Robotica",
    number        = "V1.0",
    year          = 2015,
    month         = ,    
    note          = "Vertrouwlijk"
}