@ONLINE{,
author = {},
title = {},
url = {}
}

@manual{,
    organization  = "",
    title         = "",
    number        = "",
    year          = ,
    month         = ,    
    note          = ""
}